% This file was created with JabRef 2.9.2.
% Encoding: MacRoman

@BOOK{BirkenhakeLange,
  title = {Complex abelian varieties},
  publisher = {Springer-Verlag, Berlin},
  year = {2004},
  author = {Birkenhake, Christina and Lange, Herbert},
  volume = {302},
  pages = {xii+635},
  series = {Grundlehren der Mathematischen Wissenschaften [Fundamental Principles
	of Mathematical Sciences]},
  edition = {Second},
  doi = {10.1007/978-3-662-06307-1},
  isbn = {3-540-20488-1},
  mrclass = {14-02 (14H37 14Kxx 32G20)},
  mrnumber = {2062673 (2005c:14001)},
  mrreviewer = {Fumio Hazama},
  url = {http://dx.doi.org/10.1007/978-3-662-06307-1}
}

@BOOK{BLRNeron,
  title = {N\'eron models},
  publisher = {Springer-Verlag, Berlin},
  year = {1990},
  author = {Bosch, Siegfried and L{\"u}tkebohmert, Werner and Raynaud, Michel},
  volume = {21},
  pages = {x+325},
  series = {Ergebnisse der Mathematik und ihrer Grenzgebiete (3) [Results in
	Mathematics and Related Areas (3)]},
  doi = {10.1007/978-3-642-51438-8},
  isbn = {3-540-50587-3},
  mrclass = {14K15 (11G10 14L15)},
  mrnumber = {1045822 (91i:14034)},
  mrreviewer = {James Milne},
  url = {http://dx.doi.org/10.1007/978-3-642-51438-8}
}

@BOOK{FaltingsChai,
  title = {Degeneration of abelian varieties},
  publisher = {Springer-Verlag, Berlin},
  year = {1990},
  author = {Faltings, Gerd and Chai, Ching-Li},
  volume = {22},
  pages = {xii+316},
  series = {Ergebnisse der Mathematik und ihrer Grenzgebiete (3) [Results in
	Mathematics and Related Areas (3)]},
  note = {With an appendix by David Mumford},
  doi = {10.1007/978-3-662-02632-8},
  isbn = {3-540-52015-5},
  mrclass = {14K10 (11G10 14D20 14K25)},
  mrnumber = {1083353 (92d:14036)},
  mrreviewer = {Min Ho Lee},
  url = {http://dx.doi.org/10.1007/978-3-662-02632-8}
}

@MISC{milneAV,
  author = {Milne, James S.},
  title = {Abelian Varieties (v2.00)},
  year = {2008},
  note = {Available at http://www.jmilne.org/math/CourseNotes/av.html},
  pages = {166+vi}
}

@BOOK{MumfordAV,
  title = {Abelian varieties},
  publisher = {Published for the Tata Institute of Fundamental Research, Bombay;
	by Hindustan Book Agency, New Delhi},
  year = {2008},
  author = {Mumford, David},
  volume = {5},
  pages = {xii+263},
  series = {Tata Institute of Fundamental Research Studies in Mathematics},
  note = {With appendices by C. P. Ramanujam and Yuri Manin, Corrected reprint
	of the second (1974) edition},
  isbn = {978-81-85931-86-9; 81-85931-86-0},
  mrclass = {14Kxx},
  mrnumber = {2514037 (2010e:14040)}
}

@BOOK{MumfordTata1,
  title = {Tata lectures on theta. {I}},
  publisher = {Birkh\"auser Boston, Inc., Boston, MA},
  year = {2007},
  author = {Mumford, David},
  pages = {xiv+235},
  series = {Modern Birkh\"auser Classics},
  note = {With the collaboration of C. Musili, M. Nori, E. Previato and M.
	Stillman, Reprint of the 1983 edition},
  doi = {10.1007/978-0-8176-4578-6},
  isbn = {978-0-8176-4572-4; 0-8176-4572-1},
  mrclass = {14K25 (11E45 11G10 14C30)},
  mrnumber = {2352717 (2008h:14042)},
  url = {http://dx.doi.org/10.1007/978-0-8176-4578-6}
}

@BOOK{MumfordTata2,
  title = {Tata lectures on theta. {II}},
  publisher = {Birkh\"auser Boston, Inc., Boston, MA},
  year = {2007},
  author = {Mumford, David},
  pages = {xiv+272},
  series = {Modern Birkh\"auser Classics},
  note = {Jacobian theta functions and differential equations, With the collaboration
	of C. Musili, M. Nori, E. Previato, M. Stillman and H. Umemura, Reprint
	of the 1984 original},
  doi = {10.1007/978-0-8176-4578-6},
  isbn = {978-0-8176-4569-4; 0-8176-4569-1},
  mrclass = {14K25 (14H40 32G20)},
  mrnumber = {2307768 (2007k:14087)},
  url = {http://dx.doi.org/10.1007/978-0-8176-4578-6}
}

@BOOK{MumfordTata3,
  title = {Tata lectures on theta. {III}},
  publisher = {Birkh\"auser Boston, Inc., Boston, MA},
  year = {2007},
  author = {Mumford, David},
  pages = {viii+202},
  series = {Modern Birkh\"auser Classics},
  note = {With collaboration of Madhav Nori and Peter Norman, Reprint of the
	1991 original},
  doi = {10.1007/978-0-8176-4578-6},
  isbn = {978-0-8176-4570-0; 0-8176-4570-5},
  mrclass = {14K25 (11F27 14K05 22D10)},
  mrnumber = {2307769 (2007k:14088)},
  url = {http://dx.doi.org/10.1007/978-0-8176-4578-6}
}

@BOOK{CornellSilverman,
  title = {Arithmetic geometry},
  publisher = {Springer-Verlag, New York},
  year = {1986},
  editor = {Cornell, Gary and Silverman, Joseph H.},
  pages = {xvi+353},
  note = {Papers from the conference held at the University of Connecticut,
	Storrs, Connecticut, July 30--August 10, 1984},
  doi = {10.1007/978-1-4613-8655-1},
  isbn = {0-387-96311-1},
  mrclass = {14Gxx (11D41 11Gxx 14G25 14K15)},
  mrnumber = {861969 (89b:14029)},
  mrreviewer = {H. Gillet},
  url = {http://dx.doi.org/10.1007/978-1-4613-8655-1}
}

